%%%%%%%% Pink Floyd
@article{waters1975wish,
    author    = {Roger Waters and David Gilmour},
    title     = {Wish You Were Here},
    journal   = {Wish You Were Here},
    year      = {1975}
}

%%%%%%%% Benchmarks
@inproceedings{liu2020violin,
  title={VIOLIN: A Large-Scale Dataset for Video-and-Language Inference},
  author={Liu, Jingzhou and Chen, Wenhu and Cheng, Yu and Gan, Zhe and Yu, Licheng and Yang, Yiming and Liu, Jingjing},
  booktitle={Proceedings of the IEEE/CVF Conference on Computer Vision and Pattern Recognition},
  pages={10900--10910},
  year={2020}
}

@article{xie2018visual,
  title={Visual Entailment Task for Visually-Grounded Language Learning},
  author={Xie, Ning and Lai, Farley and Doran, Derek and Kadav, Asim},
  journal={arXiv preprint arXiv:1811.10582},
  year={2018}
}  

@inproceedings{vu2018grounded,
  title={Grounded Textual Entailment},
  author={Vu, Hoa Trong and Greco, Claudio and Erofeeva, Aliia and Jafaritazehjani, Somayeh and Linders, Guido and Tanti, Marc and Testoni, Alberto and Bernardi, Raffaella and Gatt, Albert},
  booktitle={Proceedings of the 27th International Conference on Computational Linguistics},
  pages={2354--2368},
  year={2018}
}

@inproceedings{suhr2017corpus,
  title={A corpus of natural language for visual reasoning},
  author={Suhr, Alane and Lewis, Mike and Yeh, James and Artzi, Yoav},
  booktitle={Proceedings of the 55th Annual Meeting of the Association for Computational Linguistics (Volume 2: Short Papers)},
  pages={217--223},
  year={2017}
}

@inproceedings{suhr2019corpus,
  title={A Corpus for Reasoning About Natural Language Grounded in Photographs},
  author={Suhr, Alane and Zhou, Stephanie and Zhang, Ally and Zhang, Iris and Bai, Huajun and Artzi, Yoav},
  booktitle={Proceedings of the Annual Meeting of the Association for Computational Linguistics},
  year={2019}
}

@inproceedings{goyal2017making,
  title={Making the v in vqa matter: Elevating the role of image understanding in visual question answering},
  author={Goyal, Yash and Khot, Tejas and Summers-Stay, Douglas and Batra, Dhruv and Parikh, Devi},
  booktitle={Proceedings of the IEEE Conference on Computer Vision and Pattern Recognition},
  pages={6904--6913},
  year={2017}
} 



%%%%%%%% NLI
@inproceedings{bowman2015large,
  title={A large annotated corpus for learning natural language inference},
  author={Bowman, Samuel and Angeli, Gabor and Potts, Christopher and Manning, Christopher D},
  booktitle={Proceedings of the 2015 Conference on Empirical Methods in Natural Language Processing},
  pages={632--642},
  year={2015}
}

@inproceedings{williams2018broad,
  title={A Broad-Coverage Challenge Corpus for Sentence Understanding through Inference},
  author={Williams, Adina and Nangia, Nikita and Bowman, Samuel},
  booktitle={Proceedings of the 2018 Conference of the North American Chapter of the Association for Computational Linguistics: Human Language Technologies, Volume 1 (Long Papers)},
  pages={1112--1122},
  year={2018}
}

@inproceedings{khot2018scitail,
  title={Scitail: A textual entailment dataset from science question answering},
  author={Khot, Tushar and Sabharwal, Ashish and Clark, Peter},
  booktitle={Proceedings of the AAAI Conference on Artificial Intelligence},
  volume={32 (1)},
  year={2018}
}

@article{demszky2018transforming,
  title={Transforming question answering datasets into natural language inference datasets},
  author={Demszky, Dorottya and Guu, Kelvin and Liang, Percy},
  journal={arXiv preprint arXiv:1809.02922},
  year={2018}
}

@inproceedings{ravichander2019equate,
  title={EQUATE: A Benchmark Evaluation Framework for Quantitative Reasoning in Natural Language Inference},
  author={Ravichander, Abhilasha and Naik, Aakanksha and Rose, Carolyn and Hovy, Eduard},
  booktitle={Proceedings of the 23rd Conference on Computational Natural Language Learning (CoNLL)},
  pages={349--361},
  year={2019}
}


%%%%%%%% MODELS
@inproceedings{chen2020uniter,
  title={Uniter: Universal image-text representation learning},
  author={Chen, Yen-Chun and Li, Linjie and Yu, Licheng and Kholy, Ahmed El and Ahmed, Faisal and Gan, Zhe and Cheng, Yu and Liu, Jingjing},
  booktitle={ECCV},
  year={2020}
}

@inproceedings{tan2019lxmert,
  title={LXMERT: Learning Cross-Modality Encoder Representations from Transformers},
  author={Tan, Hao and Bansal, Mohit},
  booktitle={Proceedings of the 2019 Conference on Empirical Methods in Natural Language Processing and the 9th International Joint Conference on Natural Language Processing (EMNLP-IJCNLP)},
  pages={5103--5114},
  year={2019}
}

@inproceedings{lu2019vilbert,
  title={Vilbert: Pretraining task-agnostic visiolinguistic representations for vision-and-language tasks},
  author={Lu, Jiasen and Batra, Dhruv and Parikh, Devi and Lee, Stefan},
  booktitle={Advances in Neural Information Processing Systems},
  pages={13--23},
  year={2019}
}

@inproceedings{sun2019videobert,
  title={Videobert: A joint model for video and language representation learning},
  author={Sun, Chen and Myers, Austin and Vondrick, Carl and Murphy, Kevin and Schmid, Cordelia},
  booktitle={Proceedings of the IEEE/CVF International Conference on Computer Vision},
  pages={7464--7473},
  year={2019}
}

@inproceedings{hendrycks2018benchmarking,
  title={Benchmarking Neural Network Robustness to Common Corruptions and Perturbations},
  author={Hendrycks, Dan and Dietterich, Thomas},
  booktitle={International Conference on Learning Representations},
  year={2018}
}

%%%%%%%% related work
%%%% Adversarial Training ML
@inproceedings{madry2018towards,
  title={Towards Deep Learning Models Resistant to Adversarial Attacks},
  author={Madry, Aleksander and Makelov, Aleksandar and Schmidt, Ludwig and Tsipras, Dimitris and Vladu, Adrian},
  booktitle={International Conference on Learning Representations},
  year={2018}
}

@inproceedings{qiaoCVPR20learning,
  title={Learning to learn single domain generalization},
  author={Qiao, Fengchun and Zhao, Long and Peng, Xi},
  booktitle={IEEE Conference on Computer Vision and Pattern Recognition (CVPR)},
  pages={12556--12565},
  year={2020}
}

@inproceedings{volpi2018generalizing,
  title={Generalizing to unseen domains via adversarial data augmentation},
  author={Volpi, Riccardo and Namkoong, Hongseok and Sener, Ozan and Duchi, John and Murino, Vittorio and Savarese, Silvio},
  booktitle={Proceedings of the 32nd International Conference on Neural Information Processing Systems},
  pages={5339--5349},
  year={2018}
}

@inproceedings{zhu2020freelb,
  title={FreeLB: Enhanced Adversarial Training for Natural Language Understanding},
  author={Zhu, Chen and Cheng, Yu and Gan, Zhe and Sun, Siqi and Goldstein, Tom and Liu, Jingjing},
  booktitle={ICLR},
  year={2020}
}

@article{gokhale2020attribute,
  title={Attribute-Guided Adversarial Training for Robustness to Natural Perturbations},
  author={Gokhale, Tejas and Anirudh, Rushil and Kailkhura, Bhavya and Thiagarajan, Jayaraman J and Baral, Chitta and Yang, Yezhou},
  journal={arXiv preprint arXiv:2012.01806},
  year={2020}
}

@article{lin2020dual,
  title={Dual Manifold Adversarial Robustness: Defense against Lp and non-Lp Adversarial Attacks},
  author={Lin, Wei-An and Pong Lau, Chun and Levine, Alexander and Chellappa, Rama and Feizi, Soheil},
  journal={Advances in Neural Information Processing Systems Foundation (NeurIPS)},
  year={2020}
}


@inproceedings{dalvi2004adversarial,
  title={Adversarial classification},
  author={Dalvi, Nilesh and Domingos, Pedro and Sanghai, Sumit and Verma, Deepak},
  booktitle={Proceedings of the tenth ACM SIGKDD international conference on Knowledge discovery and data mining},
  pages={99--108},
  year={2004}
}

@inproceedings{lowd2005adversarial,
  title={Adversarial learning},
  author={Lowd, Daniel and Meek, Christopher},
  booktitle={Proceedings of the eleventh ACM SIGKDD international conference on Knowledge discovery in data mining},
  pages={641--647},
  year={2005}
}

@inproceedings{szegedy2014intriguing,
  title={Intriguing properties of neural networks},
  author={Szegedy, Christian and Zaremba, Wojciech and Sutskever, Ilya and Bruna, Joan and Erhan, Dumitru and Goodfellow, Ian and Fergus, Rob},
  booktitle={2nd International Conference on Learning Representations, ICLR 2014},
  year={2014}
}

@article{ben2013robust,
  title={Robust solutions of optimization problems affected by uncertain probabilities},
  author={Ben-Tal, Aharon and Den Hertog, Dick and De Waegenaere, Anja and Melenberg, Bertrand and Rennen, Gijs},
  journal={Management Science},
  volume={59},
  number={2},
  pages={341--357},
  year={2013},
  publisher={INFORMS}
}
@InProceedings{pmlr-v80-hu18a, 
  title = {Does Distributionally Robust Supervised Learning Give Robust Classifiers?}, 
  author = {Hu, Weihua and Niu, Gang and Sato, Issei and Sugiyama, Masashi}, 
  booktitle = {Proceedings of the 35th International Conference on Machine Learning}, 
  pages = {2029--2037}, 
  year = {2018}, 
  editor = {Jennifer Dy and Andreas Krause}, 
  volume = {80}, 
  series = {Proceedings of Machine Learning Research}, 
  address = {Stockholmsm√§ssan, Stockholm Sweden}, 
  month = {10--15 Jul}, 
  publisher = {PMLR}, 
  pdf = {http://proceedings.mlr.press/v80/hu18a/hu18a.pdf}, 
  url = {http://proceedings.mlr.press/v80/hu18a.html} 
} 

@inproceedings{sagawa2019distributionally,
  title={Distributionally Robust Neural Networks},
  author={Sagawa, Shiori and Koh, Pang Wei and Hashimoto, Tatsunori B and Liang, Percy},
  booktitle={International Conference on Learning Representations},
  year={2019}
}

@inproceedings{sagawa2020distributionally,
  title={DISTRIBUTIONALLY ROBUST NEURAL NETWORKS
FOR GROUP SHIFTS: ON THE IMPORTANCE OF
REGULARIZATION FOR WORST-CASE GENERALIZATION},
  author={Sagawa, Shiori and Koh, Pang Wei and Hashimoto, Tatsunori B and Liang, Percy},
  booktitle={International Conference on Learning Representations},
  year={2020}
}


%%%%%%%% BERT problems
@inproceedings{ethayarajh2019contextual,
  title={How Contextual are Contextualized Word Representations? Comparing the Geometry of BERT, ELMo, and GPT-2 Embeddings},
  author={Ethayarajh, Kawin},
  booktitle={Proceedings of the 2019 Conference on Empirical Methods in Natural Language Processing and the 9th International Joint Conference on Natural Language Processing (EMNLP-IJCNLP)},
  pages={55--65},
  year={2019}
}

@article{ettinger2020bert,
  title={What BERT is not: Lessons from a new suite of psycholinguistic diagnostics for language models},
  author={Ettinger, Allyson},
  journal={Transactions of the Association for Computational Linguistics},
  volume={8},
  pages={34--48},
  year={2020},
  publisher={MIT Press}
}

@article{mickus2019you,
  title={What do you mean, BERT? Assessing BERT as a Distributional Semantics Model},
  author={Mickus, Timothee and Paperno, Denis and Constant, Mathieu and van Deemter, Kees},
  journal={arXiv preprint arXiv:1911.05758},
  year={2019}
}




%%%%%%%% ROBUSTNESS in V&L
@inproceedings{gokhale2020vqa,
  title={Vqa-lol: Visual question answering under the lens of logic},
  author={Gokhale, Tejas and Banerjee, Pratyay and Baral, Chitta and Yang, Yezhou},
  booktitle={European Conference on Computer Vision},
  pages={379--396},
  year={2020},
  organization={Springer}
}

@inproceedings{asai-hajishirzi-2020-logic,
    title = "Logic-Guided Data Augmentation and Regularization for Consistent Question Answering",
    author = "Asai, Akari  and
      Hajishirzi, Hannaneh",
    booktitle = "Proceedings of the 58th Annual Meeting of the Association for Computational Linguistics",
    month = jul,
    year = "2020",
    address = "Online",
    publisher = "Association for Computational Linguistics",
    url = "https://www.aclweb.org/anthology/2020.acl-main.499",
    doi = "10.18653/v1/2020.acl-main.499",
    pages = "5642--5650"
}

@inproceedings{agrawal2018don,
	title={Don't just assume; look and answer: Overcoming priors for visual question answering},
	author={Agrawal, Aishwarya and Batra, Dhruv and Parikh, Devi and Kembhavi, Aniruddha},
	booktitle={CVPR},
	year={2018}
}

@article{teney2016zero,
  title={Zero-shot visual question answering},
  author={Teney, Damien and Hengel, Anton van den},
  journal={arXiv preprint arXiv:1611.05546},
  year={2016}
}

@inproceedings{johnson2017clevr,
  title={Clevr: A diagnostic dataset for compositional language and elementary visual reasoning},
  author={Johnson, Justin and Hariharan, Bharath and van der Maaten, Laurens and Fei-Fei, Li and Lawrence Zitnick, C and Girshick, Ross},
  booktitle={CVPR},
  year={2017}
}

@article{agrawal2017c,
  title={C-vqa: A compositional split of the visual question answering (vqa) v1.0 dataset},
  author={Agrawal, Aishwarya and Kembhavi, Aniruddha and Batra, Dhruv and Parikh, Devi},
  journal={arXiv preprint arXiv:1704.08243},
  year={2017}
}

@inproceedings{chao2018cross,
  title={Cross-dataset adaptation for visual question answering},
  author={Chao, Wei-Lun and Hu, Hexiang and Sha, Fei},
  booktitle={CVPR},
  pages={5716--5725},
  year={2018}
}

@article{xu2019open,
  title={Open-Ended Visual Question Answering by Multi-Modal Domain Adaptation},
  author={Xu, Yiming and Chen, Lin and Cheng, Zhongwei and Duan, Lixin and Luo, Jiebo},
  journal={arXiv preprint arXiv:1911.04058},
  year={2019}
}

@inproceedings{ray2019sunny,
  title={Sunny and Dark Outside?! Improving Answer Consistency in VQA through Entailed Question Generation},
  author={Ray, Arijit and Sikka, Karan and Divakaran, Ajay and Lee, Stefan and Burachas, Giedrius},
  booktitle={Proceedings of the 2019 Conference on EMNLP},
  year={2019}
}

@inproceedings{ribeiro2019red,
    title = "Are Red Roses Red? Evaluating Consistency of Question-Answering Models",
    author = "Ribeiro, Marco Tulio  and
      Guestrin, Carlos  and
      Singh, Sameer",
    booktitle = "Proceedings of the 57th Annual Meeting of the Association for Computational Linguistics",
    month = jul,
    year = "2019",
    pages = "6174--6184"
}

%%%%%%%% Transformer-based models
@inproceedings{devlin2019bert,
  title={BERT: Pre-training of Deep Bidirectional Transformers for Language Understanding},
  author={Devlin, Jacob and Chang, Ming-Wei and Lee, Kenton and Toutanova, Kristina},
  booktitle={Proceedings of the 2019 Conference of the North American Chapter of the Association for Computational Linguistics: Human Language Technologies, Volume 1 (Long and Short Papers)},
  pages={4171--4186},
  year={2019}
}

@article{raffel2020exploring,
  title={Exploring the Limits of Transfer Learning with a Unified Text-to-Text Transformer},
  author={Raffel, Colin and Shazeer, Noam and Roberts, Adam and Lee, Katherine and Narang, Sharan and Matena, Michael and Zhou, Yanqi and Li, Wei and Liu, Peter J},
  journal={Journal of Machine Learning Research},
  volume={21},
  pages={1--67},
  year={2020}
}

@inproceedings{vaswani2017attention,
  title={Attention is all you need},
  author={Vaswani, Ashish and Shazeer, Noam and Parmar, Niki and Uszkoreit, Jakob and Jones, Llion and Gomez, Aidan N and Kaiser, {\L}ukasz and Polosukhin, Illia},
  booktitle={Proceedings of the 31st International Conference on Neural Information Processing Systems},
  pages={6000--6010},
  year={2017}
}

@article{liu2019roberta,
  title={Roberta: A robustly optimized bert pretraining approach},
  author={Liu, Yinhan and Ott, Myle and Goyal, Naman and Du, Jingfei and Joshi, Mandar and Chen, Danqi and Levy, Omer and Lewis, Mike and Zettlemoyer, Luke and Stoyanov, Veselin},
  journal={arXiv preprint arXiv:1907.11692},
  year={2019}
}

%%%%%%%% text-attack ish papers
@misc{morris2020textattack,
    title={TextAttack: A Framework for Adversarial Attacks, Data Augmentation, and Adversarial Training in NLP},
    author={John X. Morris and Eli Lifland and Jin Yong Yoo and Jake Grigsby and Di Jin and Yanjun Qi},
    year={2020},
    eprint={2005.05909},
    archivePrefix={arXiv},
    primaryClass={cs.CL}
}

@inproceedings{alzantot2018generating,
  title={Generating Natural Language Adversarial Examples},
  author={Alzantot, Moustafa and Sharma, Yash and Elgohary, Ahmed and Ho, Bo-Jhang and Srivastava, Mani and Chang, Kai-Wei},
  booktitle={Proceedings of the 2018 Conference on Empirical Methods in Natural Language Processing},
  pages={2890--2896},
  year={2018}
}

@article{jin2020bert,
  title={Is bert really robust? a strong baseline for natural language attack on text classification and entailment},
  author={Jin, Di and Jin, Zhijing and Zhou, Joey Tianyi and Szolovits, Peter},
  journal={Proceedings of the AAAI conference on artificial intelligence},
  volume={34},
  number={05},
  pages={8018--8025},
  year={2020}
}

@inproceedings{li2019textbugger,
  title={TextBugger: Generating Adversarial Text Against Real-world Applications},
  author={Li, J and Ji, S and Du, T and Li, B and Wang, T},
  booktitle={26th Annual Network and Distributed System Security Symposium},
  year={2019}
}

@inproceedings{zang2020word,
  title={Word-level Textual Adversarial Attacking as Combinatorial Optimization},
  author={Zang, Yuan and Qi, Fanchao and Yang, Chenghao and Liu, Zhiyuan and Zhang, Meng and Liu, Qun and Sun, Maosong},
  booktitle={Proceedings of the 58th Annual Meeting of the Association for Computational Linguistics},
  pages={6066--6080},
  year={2020}
}

@inproceedings{kassner2020negated,
  title={Negated and Misprimed Probes for Pretrained Language Models: Birds Can Talk, But Cannot Fly},
  author={Kassner, Nora and Sch{\"u}tze, Hinrich},
  booktitle={Proceedings of the 58th Annual Meeting of the Association for Computational Linguistics},
  pages={7811--7818},
  year={2020}
}

% METHODS
@inproceedings{vapnik1991principles,
  title={Principles of risk minimization for learning theory},
  author={Vapnik, V},
  booktitle={Proceedings of the 4th International Conference on Neural Information Processing Systems},
  pages={831--838},
  year={1991}
}

@article{vapnik1991necessary,
  title={The necessary and sufficient conditions for consistency of the method of empirical risk minimization},
  author={Vapnik, Vladimir N and Chervonenkis, A},
  journal={Pattern Recognition and Image Analysis},
  volume={1},
  number={3},
  pages={284--305},
  year={1991}
}

@article{vapnik1999overview,
  title={An overview of statistical learning theory},
  author={Vapnik, Vladimir N},
  journal={IEEE transactions on neural networks},
  volume={10},
  number={5},
  pages={988--999},
  year={1999},
  publisher={IEEE}
}

@inproceedings{gan2020large,
  title={Large-Scale Adversarial Training for Vision-and-Language Representation Learning},
  author={Gan, Zhe and Chen, Yen-Chun and Li, Linjie and Zhu, Chen and Cheng, Yu and Liu, Jingjing},
  booktitle={NeurIPS},
  year={2020}
}

@article{wong2020learning,
  title={Learning perturbation sets for robust machine learning},
  author={Wong, Eric and Kolter, J Zico},
  journal={arXiv preprint arXiv:2007.08450},
  year={2020}
}



@inproceedings{jiang2020smart,
  title={SMART: Robust and Efficient Fine-Tuning for Pre-trained Natural Language Models through Principled Regularized Optimization},
  author={Jiang, Haoming and He, Pengcheng and Chen, Weizhu and Liu, Xiaodong and Gao, Jianfeng and Zhao, Tuo},
  booktitle={Proceedings of the 58th Annual Meeting of the Association for Computational Linguistics},
  pages={2177--2190},
  year={2020}
}

@inproceedings{miyato2016adversarial,
  title={Adversarial Training Methods for Semi-Supervised Text Classification},
  author={Miyato, Takeru and Dai, Andrew M and Goodfellow, Ian},
  year={2016}, 
  booktitle={International Conference on Learning Representations}
}

@inproceedings{jia2017adversarial,
  title={Adversarial Examples for Evaluating Reading Comprehension Systems},
  author={Jia, Robin and Liang, Percy},
  booktitle={Proceedings of the 2017 Conference on Empirical Methods in Natural Language Processing},
  pages={2021--2031},
  year={2017}
}

@inproceedings{ribeiro2018semantically,
  title={Semantically equivalent adversarial rules for debugging nlp models},
  author={Ribeiro, Marco Tulio and Singh, Sameer and Guestrin, Carlos},
  booktitle={Proceedings of the 56th Annual Meeting of the Association for Computational Linguistics (Volume 1: Long Papers)},
  pages={856--865},
  year={2018}
}

@inproceedings{iyyer2018adversarial,
  title={Adversarial Example Generation with Syntactically Controlled Paraphrase Networks},
  author={Iyyer, Mohit and Wieting, John and Gimpel, Kevin and Zettlemoyer, Luke},
  booktitle={Proceedings of the 2018 Conference of the North American Chapter of the Association for Computational Linguistics: Human Language Technologies, Volume 1 (Long Papers)},
  pages={1875--1885},
  year={2018}
}

@inproceedings{jia2019certified,
  title={Certified Robustness to Adversarial Word Substitutions},
  author={Jia, Robin and Raghunathan, Aditi and G{\"o}ksel, Kerem and Liang, Percy},
  booktitle={Proceedings of the 2019 Conference on Empirical Methods in Natural Language Processing and the 9th International Joint Conference on Natural Language Processing (EMNLP-IJCNLP)},
  pages={4120--4133},
  year={2019}
}

@inproceedings{gardner2020evaluating,
  title={Evaluating models‚Äô local decision boundaries via contrast sets},
  author={Gardner, Matt and Artzi, Yoav and Basmov, Victoria and Berant, Jonathan and Bogin, Ben and Chen, Sihao and Dasigi, Pradeep and Dua, Dheeru and Elazar, Yanai and Gottumukkala, Ananth and others},
  booktitle={Proceedings of the 2020 Conference on Empirical Methods in Natural Language Processing: Findings},
  pages={1307--1323},
  year={2020}
}

@inproceedings{mccoy2019right,
  title={Right for the Wrong Reasons: Diagnosing Syntactic Heuristics in Natural Language Inference},
  author={McCoy, Tom and Pavlick, Ellie and Linzen, Tal},
  booktitle={Proceedings of the 57th Annual Meeting of the Association for Computational Linguistics},
  pages={3428--3448},
  year={2019}
}

@inproceedings{glockner2018breaking,
  title={Breaking NLI Systems with Sentences that Require Simple Lexical Inferences},
  author={Glockner, Max and Shwartz, Vered and Goldberg, Yoav},
  booktitle={Proceedings of the 56th Annual Meeting of the Association for Computational Linguistics (Volume 2: Short Papers)},
  pages={650--655},
  year={2018}
}


@inproceedings{naik2018stress,
  title={Stress Test Evaluation for Natural Language Inference},
  author={Naik, Aakanksha and Ravichander, Abhilasha and Sadeh, Norman and Rose, Carolyn and Neubig, Graham},
  booktitle={Proceedings of the 27th International Conference on Computational Linguistics},
  pages={2340--2353},
  year={2018}
}

@inproceedings{teney2020learning,
  title={Learning What Makes a Difference from Counterfactual Examples and Gradient Supervision},
  author={Teney, Damien and Abbasnedjad, Ehsan and van den Hengel, Anton},
  booktitle={European Conference on Computer Vision},
  pages={379--396},
  year={2020},
  organization={Springer}
}

@inproceedings{li2020hero,
  title={Hero: Hierarchical Encoder for Video+ Language Omni-representation Pre-training},
  author={Li, Linjie and Chen, Yen-Chun and Cheng, Yu and Gan, Zhe and Yu, Licheng and Liu, Jingjing},
  booktitle={Proceedings of the 2020 Conference on Empirical Methods in Natural Language Processing (EMNLP)},
  pages={2046--2065},
  year={2020}
}


@inproceedings{ren2015faster,
  title={Faster R-CNN: Towards Real-Time Object Detection with Region Proposal Networks},
  author={Ren, Shaoqing and He, Kaiming and Girshick, Ross B and Sun, Jian},
  booktitle={NIPS},
  year={2015}
}





@inproceedings{shi2018learning,
  title={Learning Visually-Grounded Semantics from Contrastive Adversarial Samples},
  author={Shi, Haoyue and Mao, Jiayuan and Xiao, Tete and Jiang, Yuning and Sun, Jian},
  booktitle={Proceedings of the 27th International Conference on Computational Linguistics},
  pages={3715--3727},
  year={2018}
}

@inproceedings{agarwal2020towards,
  title={Towards causal vqa: Revealing and reducing spurious correlations by invariant and covariant semantic editing},
  author={Agarwal, Vedika and Shetty, Rakshith and Fritz, Mario},
  booktitle={Proceedings of the IEEE/CVF Conference on Computer Vision and Pattern Recognition},
  pages={9690--9698},
  year={2020}
}

@inproceedings{chen2020counterfactual,
  title={Counterfactual samples synthesizing for robust visual question answering},
  author={Chen, Long and Yan, Xin and Xiao, Jun and Zhang, Hanwang and Pu, Shiliang and Zhuang, Yueting},
  booktitle={Proceedings of the IEEE/CVF Conference on Computer Vision and Pattern Recognition},
  pages={10800--10809},
  year={2020}
}

@inproceedings{gokhale2020mutant,
  title={MUTANT: A Training Paradigm for Out-of-Distribution Generalization in Visual Question Answering},
  author={Gokhale, Tejas and Banerjee, Pratyay and Baral, Chitta and Yang, Yezhou},
  booktitle={Proceedings of the 2020 Conference on Empirical Methods in Natural Language Processing (EMNLP)},
  pages={878--892},
  year={2020}
}

@misc{spacy,
  author = {Honnibal, Matthew and Montani, Ines and Van Landeghem, Sofie and Boyd, Adriane},
  title = {{spaCy: Industrial-strength Natural Language Processing in Python}},
  year = 2020,
  publisher = {Zenodo},
  doi = {10.5281/zenodo.1212303},
  url = {https://doi.org/10.5281/zenodo.1212303}
}

@misc{lemminflect,
  author = {Brad Jascob},
  title = {LemmInflect: A python module for English lemmatization and inflection.},
  year = 2020,
  url = {https://github.com/bjascob/LemmInflect}
}

@inproceedings{ott2019fairseq,
  title = {fairseq: A Fast, Extensible Toolkit for Sequence Modeling},
  author = {Myle Ott and Sergey Edunov and Alexei Baevski and Angela Fan and Sam Gross and Nathan Ng and David Grangier and Michael Auli},
  booktitle = {Proceedings of NAACL-HLT 2019: Demonstrations},
  year = {2019},
}

@inproceedings{pennington2014glove,
  title={Glove: Global vectors for word representation},
  author={Pennington, Jeffrey and Socher, Richard and Manning, Christopher D},
  booktitle={Proceedings of the 2014 conference on empirical methods in natural language processing (EMNLP)},
  pages={1532--1543},
  year={2014}
}

@article{wren2000english,
  title={English grammar and Composition},
  author={Wren, PC and Martin, H},
  journal={New Delhi: S Chand \& Company Ltd},
  year={2000}
}

@article{eckstein1993nonlinear,
  title={Nonlinear proximal point algorithms using Bregman functions, with applications to convex programming},
  author={Eckstein, Jonathan},
  journal={Mathematics of Operations Research},
  volume={18},
  number={1},
  pages={202--226},
  year={1993},
  publisher={INFORMS}
}

@inproceedings{dvijotham2018dual,
  title={A Dual Approach to Scalable Verification of Deep Networks.},
  author={Dvijotham, Krishnamurthy and Stanforth, Robert and Gowal, Sven and Mann, Timothy A and Kohli, Pushmeet},
  booktitle={UAI},
  volume={1 (2)},
  pages={3},
  year={2018}
}

@article{gowal2018effectiveness,
  title={On the effectiveness of interval bound propagation for training verifiably robust models},
  author={Gowal, Sven and Dvijotham, Krishnamurthy and Stanforth, Robert and Bunel, Rudy and Qin, Chongli and Uesato, Jonathan and Arandjelovic, Relja and Mann, Timothy and Kohli, Pushmeet},
  journal={arXiv preprint arXiv:1810.12715},
  year={2018}
}

@book{conn2000trust,
  title={Trust region methods},
  author={Conn, Andrew R and Gould, Nicholas IM and Toint, Philippe L},
  year={2000},
  publisher={SIAM}
}

@article{russell1905denoting,
  title={On denoting},
  author={Russell, Bertrand},
  journal={Mind},
  volume={14},
  number={56},
  pages={479--493},
  year={1905},
  publisher={JSTOR}
}

@inproceedings{tsipras2019robustness,
  title={Robustness May Be at Odds with Accuracy},
  author={Tsipras, Dimitris and Santurkar, Shibani and Engstrom, Logan and Turner, Alexander and Madry, Aleksander},
  booktitle={International Conference on Learning Representations},
  number={2019},
  year={2019}
}

@inproceedings{niculescu2005predicting,
  title={Predicting good probabilities with supervised learning},
  author={Niculescu-Mizil, Alexandru and Caruana, Rich},
  booktitle={Proceedings of the 22nd international conference on Machine learning},
  pages={625--632},
  year={2005}
}

@inproceedings{guo2017calibration,
  title={On calibration of modern neural networks},
  author={Guo, Chuan and Pleiss, Geoff and Sun, Yu and Weinberger, Kilian Q},
  booktitle={International Conference on Machine Learning},
  pages={1321--1330},
  year={2017},
  organization={PMLR}
}

@inproceedings{naeini2015obtaining,
  title={Obtaining well calibrated probabilities using bayesian binning},
  author={Naeini, Mahdi Pakdaman and Cooper, Gregory and Hauskrecht, Milos},
  booktitle={Twenty-Ninth AAAI Conference on Artificial Intelligence},
  year={2015}
}

@inproceedings{hu2018does,
  title={Does distributionally robust supervised learning give robust classifiers?},
  author={Hu, Weihua and Niu, Gang and Sato, Issei and Sugiyama, Masashi},
  booktitle={International Conference on Machine Learning},
  pages={2029--2037},
  year={2018},
  organization={PMLR}
}

@article{sinha2017certifying,
  title={Certifying some distributional robustness with principled adversarial training},
  author={Sinha, Aman and Namkoong, Hongseok and Volpi, Riccardo and Duchi, John},
  journal={arXiv preprint arXiv:1710.10571},
  year={2017}
}   

@inproceedings{bagnell2005robust,
  title={Robust supervised learning},
  author={Bagnell, J Andrew},
  booktitle={AAAI},
  pages={714--719},
  year={2005}
}

@inproceedings{rudinger2018gender,
  title={Gender Bias in Coreference Resolution},
  author={Rudinger, Rachel and Naradowsky, Jason and Leonard, Brian and Van Durme, Benjamin},
  booktitle={Proceedings of the 2018 Conference of the North American Chapter of the Association for Computational Linguistics: Human Language Technologies, Volume 2 (Short Papers)},
  pages={8--14},
  year={2018}
}

@inproceedings{sap2019risk,
  title={The risk of racial bias in hate speech detection},
  author={Sap, Maarten and Card, Dallas and Gabriel, Saadia and Choi, Yejin and Smith, Noah A},
  booktitle={Proceedings of the 57th annual meeting of the association for computational linguistics},
  pages={1668--1678},
  year={2019}
}



%% text-attack 6 
@inproceedings{ribeiro2020beyond,
  title={Beyond Accuracy: Behavioral Testing of NLP Models with CheckList},
  author={Ribeiro, Marco Tulio and Wu, Tongshuang and Guestrin, Carlos and Singh, Sameer},
  booktitle={Proceedings of the 58th Annual Meeting of the Association for Computational Linguistics},
  pages={4902--4912},
  year={2020}
}

@inproceedings{li2021contextualized,
  title={Contextualized Perturbation for Textual Adversarial Attack},
  author={Li, Dianqi and Zhang, Yizhe and Peng, Hao and Chen, Liqun and Brockett, Chris and Sun, Ming-Ting and Dolan, William B},
  booktitle={Proceedings of the 2021 Conference of the North American Chapter of the Association for Computational Linguistics: Human Language Technologies},
  pages={5053--5069},
  year={2021}
}

@inproceedings{wei2019eda,
  title={EDA: Easy Data Augmentation Techniques for Boosting Performance on Text Classification Tasks},
  author={Wei, Jason and Zou, Kai},
  booktitle={Proceedings of the 2019 Conference on Empirical Methods in Natural Language Processing and the 9th International Joint Conference on Natural Language Processing (EMNLP-IJCNLP)},
  pages={6383--6389},
  year={2019}
}

@inproceedings{chai2021ensembling,
  title={Ensembling with Deep Generative Views},
  author={Chai, Lucy and Zhu, Jun-Yan and Shechtman, Eli and Isola, Phillip and Zhang, Richard},
  booktitle={Proceedings of the IEEE/CVF Conference on Computer Vision and Pattern Recognition},
  pages={14997--15007},
  year={2021}
}

@article{van2008visualizing,
  title={Visualizing data using t-SNE.},
  author={Van der Maaten, Laurens and Hinton, Geoffrey},
  journal={Journal of machine learning research},
  volume={9},
  number={11},
  year={2008}
}

@article{kullback1951information,
  title={On information and sufficiency},
  author={Kullback, Solomon and Leibler, Richard A},
  journal={The annals of mathematical statistics},
  volume={22},
  number={1},
  pages={79--86},
  year={1951},
  publisher={JSTOR}
}

@inproceedings{pruthi2019combating,
  title={Combating Adversarial Misspellings with Robust Word Recognition},
  author={Pruthi, Danish and Dhingra, Bhuwan and Lipton, Zachary C},
  booktitle={Proceedings of the 57th Annual Meeting of the Association for Computational Linguistics},
  pages={5582--5591},
  year={2019}
}

@inproceedings{ren2019generating,
  title={Generating natural language adversarial examples through probability weighted word saliency},
  author={Ren, Shuhuai and Deng, Yihe and He, Kun and Che, Wanxiang},
  booktitle={Proceedings of the 57th annual meeting of the association for computational linguistics},
  pages={1085--1097},
  year={2019}
}

@InProceedings{sheng2021human,
author = {Sheng, Sasha and Singh, Amanpreet and Goswami, Vedanuj and Magana, Jose Alberto Lopez and Galuba, Wojciech and Parikh, Devi and Kiela, Douwe},
title = {Human-Adversarial Visual Question Answering},
journal={arXiv preprint arXiv:2106.02280},
year = {2021},
}

@article{li2021adversarial,
  title={Adversarial VQA: A New Benchmark for Evaluating the Robustness of VQA Models},
  author={Li, Linjie and Lei, Jie and Gan, Zhe and Liu, Jingjing},
  journal={arXiv preprint arXiv:2106.00245},
  year={2021}
}