@article{bulusu2020anomalous,
  title={Anomalous Example Detection in Deep Learning: A Survey},
  author={Bulusu, Saikiran and Kailkhura, Bhavya and Li, Bo and Varshney, Pramod K and Song, Dawn},
  journal={IEEE Access},
  volume={8},
  pages={132330--132347},
  year={2020},
  publisher={IEEE}
}

@inproceedings{volpi2018generalizing,
  title={Generalizing to unseen domains via adversarial data augmentation},
  author={Volpi, Riccardo and Namkoong, Hongseok and Sener, Ozan and Duchi, John C and Murino, Vittorio and Savarese, Silvio},
  booktitle={Advances in neural information processing systems},
  pages={5334--5344},
  year={2018}
}

@article{kannan2018adversarial,
  title={Adversarial logit pairing},
  author={Kannan, Harini and Kurakin, Alexey and Goodfellow, Ian},
  journal={arXiv preprint arXiv:1803.06373},
  year={2018}
}

@inproceedings{qiao2020learning,
  title={Learning to learn single domain generalization},
  author={Qiao, Fengchun and Zhao, Long and Peng, Xi},
  booktitle={Proceedings of the IEEE/CVF Conference on Computer Vision and Pattern Recognition},
  pages={12556--12565},
  year={2020}
}

@article{sun2019unsupervised,
  title={Unsupervised domain adaptation through self-supervision},
  author={Sun, Yu and Tzeng, Eric and Darrell, Trevor and Efros, Alexei A},
  journal={arXiv preprint arXiv:1909.11825},
  year={2019}
}

@inproceedings{sun2020test,
  title={Test-time training with self-supervision for generalization under distribution shifts},
  author={Sun, Yu and Wang, Xiaolong and Liu, Zhuang and Miller, John and Efros, Alexei A and Hardt, Moritz},
  booktitle={International Conference on Machine Learning (ICML)},
  year={2020}
}

@inproceedings{hendrycks2018benchmarking,
  title={Benchmarking Neural Network Robustness to Common Corruptions and Perturbations},
  author={Hendrycks, Dan and Dietterich, Thomas},
  booktitle={International Conference on Learning Representations},
  year={2018}
}


@article{wong2020learning,
  title={Learning perturbation sets for robust machine learning},
  author={Wong, Eric and Kolter, J Zico},
  journal={arXiv preprint arXiv:2007.08450},
  year={2020}
}

@article{recht2018cifar,
  title={Do cifar-10 classifiers generalize to cifar-10?},
  author={Recht, Benjamin and Roelofs, Rebecca and Schmidt, Ludwig and Shankar, Vaishaal},
  journal={arXiv preprint arXiv:1806.00451},
  year={2018}
}

@article{goodfellow2014explaining,
  title={Explaining and harnessing adversarial examples},
  author={Goodfellow, Ian J and Shlens, Jonathon and Szegedy, Christian},
  journal={arXiv preprint arXiv:1412.6572},
  year={2014}
}

@inproceedings{madry2018towards,
  title={Towards Deep Learning Models Resistant to Adversarial Attacks},
  author={Madry, Aleksander and Makelov, Aleksandar and Schmidt, Ludwig and Tsipras, Dimitris and Vladu, Adrian},
  booktitle={International Conference on Learning Representations},
  year={2018}
}

@inproceedings{raghunathan2018certified,
  title={Certified Defenses against Adversarial Examples},
  author={Raghunathan, Aditi and Steinhardt, Jacob and Liang, Percy},
  booktitle={International Conference on Learning Representations},
  year={2018}
}

@inproceedings{sinha2018certifying,
  title={Certifying Some Distributional Robustness with Principled Adversarial Training},
  author={Sinha, Aman and Namkoong, Hongseok and Duchi, John},
  booktitle={International Conference on Learning Representations},
  year={2018}
}




@inproceedings{johnson2017clevr,
  title={Clevr: A diagnostic dataset for compositional language and elementary visual reasoning},
  author={Johnson, Justin and Hariharan, Bharath and van der Maaten, Laurens and Fei-Fei, Li and Lawrence Zitnick, C and Girshick, Ross},
  booktitle={Proceedings of the IEEE Conference on Computer Vision and Pattern Recognition},
  pages={2901--2910},
  year={2017}
}

@article{mirza2014conditional,
  title={Conditional generative adversarial nets},
  author={Mirza, Mehdi and Osindero, Simon},
  journal={arXiv preprint arXiv:1411.1784},
  year={2014}
}

@article{cohen2014transformation,
  title={Transformation properties of learned visual representations},
  author={Cohen, Taco S and Welling, Max},
  journal={arXiv preprint arXiv:1412.7659},
  year={2014}
}

@article{lecun1998mnist,
  title={Gradient-based learning applied to document recognition},
  author={LeCun, Yann and Bottou, L{\'e}on and Bengio, Yoshua and Haffner, Patrick},
  journal={Proceedings of the IEEE},
  volume={86},
  number={11},
  pages={2278--2324},
  year={1998},
  publisher={Ieee}
}

@inproceedings{jaderberg2015spatial,
  title={Spatial transformer networks},
  author={Jaderberg, Max and Simonyan, Karen and Zisserman, Andrew and others},
  booktitle={Advances in neural information processing systems},
  pages={2017--2025},
  year={2015}
}

@article{he2019attgan,
  title={Attgan: Facial attribute editing by only changing what you want},
  author={He, Zhenliang and Zuo, Wangmeng and Kan, Meina and Shan, Shiguang and Chen, Xilin},
  journal={IEEE Transactions on Image Processing},
  volume={28},
  number={11},
  pages={5464--5478},
  year={2019},
  publisher={IEEE}
}

@article{krizhevsky2009learning,
  title={Learning Multiple Layers of Features from Tiny Images},
  author={Krizhevsky, A},
  journal={Master's thesis, University of Toronto},
  year={2009}
}

@article{torralba200880,
  title={80 million tiny images: A large data set for nonparametric object and scene recognition},
  author={Torralba, Antonio and Fergus, Rob and Freeman, William T},
  journal={IEEE transactions on pattern analysis and machine intelligence},
  volume={30},
  number={11},
  pages={1958--1970},
  year={2008},
  publisher={IEEE}
}

@inproceedings{he2016deep,
  title={Deep residual learning for image recognition},
  author={He, Kaiming and Zhang, Xiangyu and Ren, Shaoqing and Sun, Jian},
  booktitle={Proceedings of the IEEE conference on computer vision and pattern recognition},
  pages={770--778},
  year={2016}
}

@article{russakovsky2015imagenet,
  title={Imagenet large scale visual recognition challenge},
  author={Russakovsky, Olga and Deng, Jia and Su, Hao and Krause, Jonathan and Satheesh, Sanjeev and Ma, Sean and Huang, Zhiheng and Karpathy, Andrej and Khosla, Aditya and Bernstein, Michael and others},
  journal={International journal of computer vision},
  volume={115},
  number={3},
  year={2015},
  publisher={Springer}
}

@article{ioffe2015batch,
  title={Batch normalization: Accelerating deep network training by reducing internal covariate shift},
  author={Ioffe, Sergey and Szegedy, Christian},
  journal={arXiv preprint arXiv:1502.03167},
  year={2015}
}

@inproceedings{wu2018group,
  title={Group normalization},
  author={Wu, Yuxin and He, Kaiming},
  booktitle={Proceedings of the European conference on computer vision (ECCV)},
  pages={3--19},
  year={2018}
}

@inproceedings{gidaris2018unsupervised,
  title={Unsupervised Representation Learning by Predicting Image Rotations},
  author={Gidaris, Spyros and Singh, Praveer and Komodakis, Nikos},
  booktitle={International Conference on Learning Representations},
  year={2018}
}

@article{madry2017towards,
  title={Towards deep learning models resistant to adversarial attacks},
  author={Madry, Aleksander and Makelov, Aleksandar and Schmidt, Ludwig and Tsipras, Dimitris and Vladu, Adrian},
  journal={arXiv preprint arXiv:1706.06083},
  year={2017}
}
@article{liu2018beyond,
  title={Beyond pixel norm-balls: Parametric adversaries using an analytically differentiable renderer},
  author={Liu, Hsueh-Ti Derek and Tao, Michael and Li, Chun-Liang and Nowrouzezahrai, Derek and Jacobson, Alec},
  journal={arXiv preprint arXiv:1808.02651},
  year={2018}
}
@inproceedings{joshi2019semantic,
  title={Semantic adversarial attacks: Parametric transformations that fool deep classifiers},
  author={Joshi, Ameya and Mukherjee, Amitangshu and Sarkar, Soumik and Hegde, Chinmay},
  booktitle={Proceedings of the IEEE International Conference on Computer Vision},
  pages={4773--4783},
  year={2019}
}
@article{xiao2020noise,
  title={Noise or Signal: The Role of Image Backgrounds in Object Recognition},
  author={Xiao, Kai and Engstrom, Logan and Ilyas, Andrew and Madry, Aleksander},
  journal={arXiv preprint arXiv:2006.09994},
  year={2020}
}

@inproceedings{bolukbasi2016man,
  title={Man is to computer programmer as woman is to homemaker? debiasing word embeddings},
  author={Bolukbasi, Tolga and Chang, Kai-Wei and Zou, James Y and Saligrama, Venkatesh and Kalai, Adam T},
  booktitle={Advances in neural information processing systems},
  pages={4349--4357},
  year={2016}
}

@inproceedings{zhao2017men,
  title={Men Also Like Shopping: Reducing Gender Bias Amplification using Corpus-level Constraints},
  author={Zhao, Jieyu and Wang, Tianlu and Yatskar, Mark and Ordonez, Vicente and Chang, Kai-Wei},
  booktitle={Proceedings of the 2017 Conference on Empirical Methods in Natural Language Processing},
  pages={2979--2989},
  year={2017}
}

@inproceedings{hendricks2018women,
  title={Women also snowboard: Overcoming bias in captioning models},
  author={Hendricks, Lisa Anne and Burns, Kaylee and Saenko, Kate and Darrell, Trevor and Rohrbach, Anna},
  booktitle={European Conference on Computer Vision},
  pages={793--811},
  year={2018},
  organization={Springer}
}

@inproceedings{isola2017image,
  title={Image-to-image translation with conditional adversarial networks},
  author={Isola, Phillip and Zhu, Jun-Yan and Zhou, Tinghui and Efros, Alexei A},
  booktitle={Proceedings of the IEEE conference on computer vision and pattern recognition},
  pages={1125--1134},
  year={2017}
}

@inproceedings{zhang2017stackgan,
  title={Stackgan: Text to photo-realistic image synthesis with stacked generative adversarial networks},
  author={Zhang, Han and Xu, Tao and Li, Hongsheng and Zhang, Shaoting and Wang, Xiaogang and Huang, Xiaolei and Metaxas, Dimitris N},
  booktitle={Proceedings of the IEEE international conference on computer vision},
  pages={5907--5915},
  year={2017}
}

@inproceedings{karras2019style,
  title={A style-based generator architecture for generative adversarial networks},
  author={Karras, Tero and Laine, Samuli and Aila, Timo},
  booktitle={Proceedings of the IEEE conference on computer vision and pattern recognition},
  pages={4401--4410},
  year={2019}
}

@Manual{blender,
   title = {Blender - a 3D modelling and rendering package},
   author = {Blender Online Community, All},
   organization = {Blender Foundation},
   address = {Stichting Blender Foundation, Amsterdam},
   year = {2018},
   url = {http://www.blender.org},
 } 

