@book{carroll1871through,
  title={Through the loooking glass},
  author={Carroll, Lewis},
  year={1871},
  publisher={Macmillan}
}

@book{doyle1995adventure,
  title={The adventure of the Greek interpreter},
  author={Doyle, Arthur Conan},
  year={1995},
  publisher={University of Virginia Library}
}


@article{fang2020video2commonsense,
  title={Video2commonsense: Generating commonsense descriptions to enrich video captioning},
  author={Fang, Zhiyuan and Gokhale, Tejas and Banerjee, Pratyay and Baral, Chitta and Yang, Yezhou},
  journal={arXiv preprint arXiv:2003.05162},
  year={2020}
}

@book{wittgenstein2013tractatus,
  title={Tractatus logico-philosophicus},
  author={Wittgenstein, Ludwig},
  year={1921},
  publisher={Routledge}
}


@book{horn2000negation,
  title={Negation and polarity: Syntactic and semantic perspectives},
  author={Horn, Laurence R and Kato, Yasuhiko},
  year={2000},
  publisher={OUP Oxford}
}

@article{hegel1929hegel,
  title={Hegel's science of logic},
  author={Hegel, Georg Wilhelm Friedrich},
  year={1929}
}

@article{raju1954principle,
  title={The principle of four-cornered negation in Indian philosophy},
  author={Raju, PT},
  journal={The Review of Metaphysics},
  pages={694--713},
  year={1954},
  publisher={JSTOR}
}

@misc{spinoza1934ethics,
  title={Ethics, Translated by Andrew Boyle, Introduction by TS Gregory},
  author={Spinoza, Benedictus De},
  year={1934},
  publisher={Heron Books}
}

@book{boole1854investigation,
  title={An investigation of the laws of thought: on which are founded the mathematical theories of logic and probabilities},
  author={Boole, George},
  year={1854},
  publisher={Dover Publications}
}

@article{frechet1935generalisation,
  title={G{\'e}n{\'e}ralisation du th{\'e}oreme des probabilit{\'e}s totales},
  author={Fr{\'e}chet, Maurice},
  journal={Fundamenta mathematicae},
  volume={1},
  number={25},
  pages={379--387},
  year={1935}
}

@article{corcoran1972completeness,
  title={Completeness of an ancient logic},
  author={Corcoran, John},
  journal={The journal of symbolic logic},
  volume={37},
  number={4},
  pages={696--702},
  year={1972},
  publisher={Cambridge University Press}
}

@inproceedings{maccartney2009extended,
  title={An extended model of natural logic},
  author={MacCartney, Bill and Manning, Christopher D},
  booktitle={Proceedings of the eighth international conference on computational semantics},
  pages={140--156},
  year={2009},
  organization={Association for Computational Linguistics}
}

@article{zettlemoyer2012learning,
  title={Learning to map sentences to logical form: Structured classification with probabilistic categorial grammars},
  author={Zettlemoyer, Luke S and Collins, Michael},
  journal={arXiv preprint arXiv:1207.1420},
  year={2012}
}

@inproceedings{mintz2009distant,
  title={Distant supervision for relation extraction without labeled data},
  author={Mintz, Mike and Bills, Steven and Snow, Rion and Jurafsky, Dan},
  booktitle={Proceedings of the Joint Conference of the 47th Annual Meeting of the ACL and the 4th International Joint Conference on Natural Language Processing of the AFNLP: Volume 2-Volume 2},
  pages={1003--1011},
  year={2009},
  organization={Association for Computational Linguistics}
}

@article{lewis-steedman-2013-combined,
    title = "Combined Distributional and Logical Semantics",
    author = "Lewis, Mike  and
      Steedman, Mark",
    journal = "Transactions of the Association for Computational Linguistics",
    volume = "1",
    year = "2013",
    url = "https://www.aclweb.org/anthology/Q13-1015",
    doi = "10.1162/tacl\_a\_00219",
    pages = "179--192"
}

@inproceedings{schoenmackers2010learning,
  title={Learning first-order horn clauses from web text},
  author={Schoenmackers, Stefan and Etzioni, Oren and Weld, Daniel S and Davis, Jesse},
  booktitle={Proceedings of the 2010 Conference on Empirical Methods in Natural Language Processing},
  pages={1088--1098},
  year={2010},
  organization={Association for Computational Linguistics}
}

@inproceedings{lao-etal-2012-reading,
    title = "Reading The Web with Learned Syntactic-Semantic Inference Rules",
    author = "Lao, Ni  and
      Subramanya, Amarnag  and
      Pereira, Fernando  and
      Cohen, William W.",
    booktitle = "Proceedings of the 2012 Joint Conference on Empirical Methods in Natural Language Processing and Computational Natural Language Learning",
    month = jul,
    year = "2012",
    address = "Jeju Island, Korea",
    publisher = "Association for Computational Linguistics",
    url = "https://www.aclweb.org/anthology/D12-1093",
    pages = "1017--1026",
}

@inproceedings{bordes2013translating,
  title={Translating embeddings for modeling multi-relational data},
  author={Bordes, Antoine and Usunier, Nicolas and Garcia-Duran, Alberto and Weston, Jason and Yakhnenko, Oksana},
  booktitle={Advances in neural information processing systems},
  pages={2787--2795},
  year={2013}
}

@inproceedings{riedel-etal-2013-relation,
    title = "Relation Extraction with Matrix Factorization and Universal Schemas",
    author = "Riedel, Sebastian  and
      Yao, Limin  and
      McCallum, Andrew  and
      Marlin, Benjamin M.",
    booktitle = "Proceedings of the 2013 Conference of the North {A}merican Chapter of the Association for Computational Linguistics: Human Language Technologies",
    month = jun,
    year = "2013",
    address = "Atlanta, Georgia",
    publisher = "Association for Computational Linguistics",
    url = "https://www.aclweb.org/anthology/N13-1008",
    pages = "74--84",
}

@inproceedings{socher2013reasoning,
  title={Reasoning with neural tensor networks for knowledge base completion},
  author={Socher, Richard and Chen, Danqi and Manning, Christopher D and Ng, Andrew},
  booktitle={Advances in neural information processing systems},
  pages={926--934},
  year={2013}
}

@article{neelakantan2015compositional,
  title={Compositional vector space models for knowledge base completion},
  author={Neelakantan, Arvind and Roth, Benjamin and McCallum, Andrew},
  journal={arXiv preprint arXiv:1504.06662},
  year={2015}
}

@inproceedings{rocktaschel2014low,
  title={Low-dimensional embeddings of logic},
  author={Rockt{\"a}schel, Tim and Bo{\v{s}}njak, Matko and Singh, Sameer and Riedel, Sebastian},
  booktitle={Proceedings of the ACL 2014 Workshop on Semantic Parsing},
  pages={45--49},
  year={2014}
}
@inproceedings{yang2017differentiable,
  title={Differentiable learning of logical rules for knowledge base reasoning},
  author={Yang, Fan and Yang, Zhilin and Cohen, William W},
  booktitle={Advances in Neural Information Processing Systems},
  pages={2319--2328},
  year={2017}
}

@article{evans2018learning,
  title={Learning explanatory rules from noisy data},
  author={Evans, Richard and Grefenstette, Edward},
  journal={Journal of Artificial Intelligence Research},
  volume={61},
  pages={1--64},
  year={2018}
}
    
    
@article{bowman2014recursive,
  title={Recursive neural networks can learn logical semantics},
  author={Bowman, Samuel R and Potts, Christopher and Manning, Christopher D},
  journal={arXiv preprint arXiv:1406.1827},
  year={2014}
}

@article{fischer2018dl2,
  title={Dl2: Training and querying neural networks with logic},
  author={Fischer, Marc and Balunovic, Mislav and Drachsler-Cohen, Dana and Gehr, Timon and Zhang, Ce and Vechev, Martin},
  year={2018}
}


@inproceedings{lin2014microsoft,
  title={Microsoft coco: Common objects in context},
  author={Lin, Tsung-Yi and Maire, Michael and Belongie, Serge and Hays, James and Perona, Pietro and Ramanan, Deva and Doll{\'a}r, Piotr and Zitnick, C Lawrence},
  booktitle={European conference on computer vision},
  pages={740--755},
  year={2014},
  organization={Springer}
}


@inproceedings{antol2015vqa,
  title={Vqa: Visual question answering},
  author={Antol, Stanislaw and Agrawal, Aishwarya and Lu, Jiasen and Mitchell, Margaret and Batra, Dhruv and Lawrence Zitnick, C and Parikh, Devi},
  booktitle={Proceedings of the IEEE international conference on computer vision},
  pages={2425--2433},
  year={2015}
}

@inproceedings{singh2019TowardsVM,
  title={Towards VQA Models That Can Read},
  author={Singh, Amanpreet and Natarajan, Vivek and Shah, Meet and Jiang, Yu and Chen, Xinlei and Batra, Dhruv and Parikh, Devi and Rohrbach, Marcus},
  booktitle={Proceedings of the IEEE Conference on Computer Vision and Pattern Recognition},
  year={2019}
}

@article{jiang2018pythia,
  title={Pythia v0. 1: the winning entry to the vqa challenge 2018},
  author={Jiang, Yu and Natarajan, Vivek and Chen, Xinlei and Rohrbach, Marcus and Batra, Dhruv and Parikh, Devi},
  journal={arXiv preprint arXiv:1807.09956},
  year={2018}
}

@article{bobrow1964natural,
  title={Natural language input for a computer problem solving system},
  author={Bobrow, Daniel G},
  year={1964}
}

@inproceedings{bhattacharya2019does,
  title={Why Does a Visual Question Have Different Answers?},
  author={Bhattacharya, Nilavra and Li, Qing and Gurari, Danna},
  booktitle={Proceedings of the IEEE International Conference on Computer Vision},
  pages={4271--4280},
  year={2019}
}

@techreport{lehnert1977process,
  title={The Process of Question Answering.},
  author={Lehnert, Wendy G},
  year={1977},
  institution={YALE UNIV NEW HAVEN CONN DEPT OF COMPUTER SCIENCE}
}
@inproceedings{zhang2016yin,
  title={Yin and yang: Balancing and answering binary visual questions},
  author={Zhang, Peng and Goyal, Yash and Summers-Stay, Douglas and Batra, Dhruv and Parikh, Devi},
  booktitle={Proceedings of the IEEE Conference on Computer Vision and Pattern Recognition},
  pages={5014--5022},
  year={2016}
}

@inproceedings{goyal2017making,
  title={Making the V in VQA matter: Elevating the role of image understanding in Visual Question Answering},
  author={Goyal, Yash and Khot, Tejas and Summers-Stay, Douglas and Batra, Dhruv and Parikh, Devi},
  booktitle={Proceedings of the IEEE Conference on Computer Vision and Pattern Recognition},
  pages={6904--6913},
  year={2017}
}

@inproceedings{zellers2019recognition,
  title={From recognition to cognition: Visual commonsense reasoning},
  author={Zellers, Rowan and Bisk, Yonatan and Farhadi, Ali and Choi, Yejin},
  booktitle={Proceedings of the IEEE Conference on Computer Vision and Pattern Recognition},
  pages={6720--6731},
  year={2019}
}

@inproceedings{suhr2019corpus,
  title={A Corpus for Reasoning About Natural Language Grounded in Photographs},
  author={Suhr, Alane and Zhou, Stephanie and Zhang, Ally and Zhang, Iris and Bai, Huajun and Artzi, Yoav},
  booktitle={Proceedings of the Annual Meeting of the Association for Computational Linguistics},
  year={2019}
}
@article{tan2019lxmert,
  title={Lxmert: Learning cross-modality encoder representations from transformers},
  author={Tan, Hao and Bansal, Mohit},
  journal={arXiv preprint arXiv:1908.07490},
  year={2019}
}

@article{devlin2018bert,
  title={Bert: Pre-training of deep bidirectional transformers for language understanding},
  author={Devlin, Jacob and Chang, Ming-Wei and Lee, Kenton and Toutanova, Kristina},
  journal={arXiv preprint arXiv:1810.04805},
  year={2018}
}
@inproceedings{ren2015faster,
  title={Faster r-cnn: Towards real-time object detection with region proposal networks},
  author={Ren, Shaoqing and He, Kaiming and Girshick, Ross and Sun, Jian},
  booktitle={Advances in neural information processing systems},
  pages={91--99},
  year={2015}
}

@article{krishna2017visual,
  title={Visual genome: Connecting language and vision using crowdsourced dense image annotations},
  author={Krishna, Ranjay and Zhu, Yuke and Groth, Oliver and Johnson, Justin and Hata, Kenji and Kravitz, Joshua and Chen, Stephanie and Kalantidis, Yannis and Li, Li-Jia and Shamma, David A and others},
  journal={International Journal of Computer Vision},
  volume={123},
  number={1},
  pages={32--73},
  year={2017},
  publisher={Springer}
}

@article{hudson2019gqa,
  title={GQA: a new dataset for compositional question answering over real-world images},
  author={Hudson, Drew A and Manning, Christopher D},
  journal={arXiv preprint arXiv:1902.09506},
  year={2019}
}

@inproceedings{vaswani2017attention,
  title={Attention is all you need},
  author={Vaswani, Ashish and Shazeer, Noam and Parmar, Niki and Uszkoreit, Jakob and Jones, Llion and Gomez, Aidan N and Kaiser, {\L}ukasz and Polosukhin, Illia},
  booktitle={Advances in neural information processing systems},
  pages={5998--6008},
  year={2017}
}

%%%%% CAREY
@book{carey1985conceptual,
  title={Conceptual change in childhood},
  author={Carey, Susan},
  year={1985},
  publisher={MIT press}
}


%%%% GOPNIK
@book{gopnik1999scientist,
  title={The scientist in the crib: Minds, brains, and how children learn.},
  author={Gopnik, Alison and Meltzoff, Andrew N and Kuhl, Patricia K},
  year={1999},
  publisher={William Morrow \& Co}
}
@article {arlotti1263,
	author = {Cesana-Arlotti, Nicol{\'o} and Mart{\'\i}n, Ana and T{\'e}gl{\'a}s, Ern{\H o} and Vorobyova, Liza and Cetnarski, Ryszard and Bonatti, Luca L.},
	title = {Precursors of logical reasoning in preverbal human infants},
	volume = {359},
	number = {6381},
	pages = {1263--1266},
	year = {2018},
	doi = {10.1126/science.aao3539},
	publisher = {American Association for the Advancement of Science},
	issn = {0036-8075},
	URL = {https://science.sciencemag.org/content/359/6381/1263},
	eprint = {https://science.sciencemag.org/content/359/6381/1263.full.pdf},
	journal = {Science}
}


%%% PIAGET
@article{piattelli1980language,
  title={Language and learning: the debate between Jean Piaget and Noam Chomsky},
  author={Piattelli-Palmarini, Massimo},
  year={1980}
}

@inproceedings{pennington2014glove,
  title={Glove: Global vectors for word representation},
  author={Pennington, Jeffrey and Socher, Richard and Manning, Christopher},
  booktitle={Proceedings of the 2014 conference on empirical methods in natural language processing (EMNLP)},
  pages={1532--1543},
  year={2014}
}

@InProceedings{Yu_2019_CVPR,
author = {Yu, Zhou and Yu, Jun and Cui, Yuhao and Tao, Dacheng and Tian, Qi},
title = {Deep Modular Co-Attention Networks for Visual Question Answering},
booktitle = {The IEEE Conference on Computer Vision and Pattern Recognition (CVPR)},
month = {June},
year = {2019}
}

@article{kingma2014adam,
  title={Adam: A method for stochastic optimization},
  author={Kingma, Diederik P and Ba, Jimmy},
  journal={arXiv preprint arXiv:1412.6980},
  year={2014}
}

@article{kassner2019negated,
    title={Negated LAMA: Birds cannot fly},
    author={Nora Kassner and Hinrich Schütze},
    journal={arXiv preprint arXiv:1911.03343},
    year={2019}
}

@article{morante2012modality,
  title={Modality and negation: An introduction to the special issue},
  author={Morante, Roser and Sporleder, Caroline},
  journal={Computational linguistics},
  volume={38},
  number={2},
  pages={223--260},
  year={2012},
  publisher={MIT Press}
}

@inproceedings{Aditya:2019:IKR:3367722.3367926,
 author = {Aditya, Somak and Yang, Yezhou and Baral, Chitta},
 title = {Integrating Knowledge and Reasoning in Image Understanding},
 booktitle = {Proceedings of the 28th International Joint Conference on Artificial Intelligence},
 series = {IJCAI'19},
 year = {2019},
 isbn = {978-0-9992411-4-1},
 location = {Macao, China},
 pages = {6252--6259},
 numpages = {8},
 url = {http://dl.acm.org/citation.cfm?id=3367722.3367926},
 acmid = {3367926},
 publisher = {AAAI Press},
}

@inproceedings{marino2019ok,
  title={OK-VQA: A Visual Question Answering Benchmark Requiring External Knowledge},
  author={Marino, Kenneth and Rastegari, Mohammad and Farhadi, Ali and Mottaghi, Roozbeh},
  booktitle={Proceedings of the IEEE Conference on Computer Vision and Pattern Recognition},
  pages={3195--3204},
  year={2019}
}

@inproceedings{johnson2017clevr,
  title={Clevr: A diagnostic dataset for compositional language and elementary visual reasoning},
  author={Johnson, Justin and Hariharan, Bharath and van der Maaten, Laurens and Fei-Fei, Li and Lawrence Zitnick, C and Girshick, Ross},
  booktitle={Proceedings of the IEEE Conference on Computer Vision and Pattern Recognition},
  pages={2901--2910},
  year={2017}
}

@article{liu2019roberta,
  title={Roberta: A robustly optimized bert pretraining approach},
  author={Liu, Yinhan and Ott, Myle and Goyal, Naman and Du, Jingfei and Joshi, Mandar and Chen, Danqi and Levy, Omer and Lewis, Mike and Zettlemoyer, Luke and Stoyanov, Veselin},
  journal={arXiv preprint arXiv:1907.11692},
  year={2019}
}
@inproceedings{asai-hajishirzi-2020-logic,
    title = "Logic-Guided Data Augmentation and Regularization for Consistent Question Answering",
    author = "Asai, Akari  and
      Hajishirzi, Hannaneh",
    booktitle = "Proceedings of the 58th Annual Meeting of the Association for Computational Linguistics",
    month = jul,
    year = "2020",
    address = "Online",
    publisher = "Association for Computational Linguistics",
    url = "https://www.aclweb.org/anthology/2020.acl-main.499",
    pages = "5642--5650"
}

@inproceedings{Anderson2017up-down,
  author = {Peter Anderson and Xiaodong He and Chris Buehler and Damien Teney and Mark Johnson and Stephen Gould and Lei Zhang},
  title = {Bottom-Up and Top-Down Attention for Image Captioning and Visual Question Answering},
  booktitle={CVPR},
  year = {2018}
}

@inproceedings{lu2019vilbert,
  title={Vilbert: Pretraining task-agnostic visiolinguistic representations for vision-and-language tasks},
  author={Lu, Jiasen and Batra, Dhruv and Parikh, Devi and Lee, Stefan},
  booktitle={Advances in Neural Information Processing Systems},
  pages={13--23},
  year={2019}
}

@inproceedings{zhou2020unified,
  title={Unified Vision-Language Pre-Training for Image Captioning and VQA.},
  author={Zhou, Luowei and Palangi, Hamid and Zhang, Lei and Hu, Houdong and Corso, Jason J and Gao, Jianfeng},
  booktitle={AAAI},
  pages={13041--13049},
  year={2020}
}
@inproceedings{Mao2019NeuroSymbolic,
	title={{The Neuro-Symbolic Concept Learner: Interpreting Scenes, Words, and Sentences From Natural Supervision}},
	author={Mao, Jiayuan and Gan, Chuang and Kohli, Pushmeet and Tenenbaum, Joshua B. and Wu, Jiajun},
	booktitle={International Conference on Learning Representations},
	year={2019},
	url={https://openreview.net/forum?id=rJgMlhRctm}
}

@inproceedings{ren2015exploring,
  title={Exploring models and data for image question answering},
  author={Ren, Mengye and Kiros, Ryan and Zemel, Richard},
  booktitle={Advances in neural information processing systems},
  pages={2953--2961},
  year={2015}
}
@inproceedings{malinowski2014multi,
  title={A multi-world approach to question answering about real-world scenes based on uncertain input},
  author={Malinowski, Mateusz and Fritz, Mario},
  booktitle={Advances in neural information processing systems},
  pages={1682--1690},
  year={2014}
}

@inproceedings{ramshaw-marcus-1995-text,
    title = "Text Chunking using Transformation-Based Learning",
    author = "Ramshaw, Lance  and
      Marcus, Mitch",
    booktitle = "Third Workshop on Very Large Corpora",
    year = "1995",
    url = "https://www.aclweb.org/anthology/W95-0107",
}

@article{Wolf2019HuggingFacesTS,
  title={HuggingFace's Transformers: State-of-the-art Natural Language Processing},
  author={Thomas Wolf and Lysandre Debut and Victor Sanh and Julien Chaumond and Clement Delangue and Anthony Moi and Pierric Cistac and Tim Rault and R'emi Louf and Morgan Funtowicz and Jamie Brew},
  journal={ArXiv},
  year={2019},
  volume={abs/1910.03771}
  }