@article{fang2018weakly,
  title={Weakly supervised attention learning for textual phrases grounding},
  author={Fang, Zhiyuan and Kong, Shu and Yu, Tianshu and Yang, Yezhou},
  journal={arXiv preprint arXiv:1805.00545},
  year={2018}
}
@inproceedings{rohrbach2016grounding,
  title={Grounding of textual phrases in images by reconstruction},
  author={Rohrbach, Anna and Rohrbach, Marcus and Hu, Ronghang and Darrell, Trevor and Schiele, Bernt},
  booktitle={European Conference on Computer Vision},
  pages={817--834},
  year={2016},
  organization={Springer}
}
@inproceedings{fang2019modularized,
  title={Modularized textual grounding for counterfactual resilience},
  author={Fang, Zhiyuan and Kong, Shu and Fowlkes, Charless and Yang, Yezhou},
  booktitle={Proceedings of the IEEE conference on computer vision and pattern recognition},
  pages={6378--6388},
  year={2019}
}
@inproceedings{gan2017semantic,
  title={Semantic compositional networks for visual captioning},
  author={Gan, Zhe and Gan, Chuang and He, Xiaodong and Pu, Yunchen and Tran, Kenneth and Gao, Jianfeng and Carin, Lawrence and Deng, Li},
  booktitle={Proceedings of the IEEE conference on computer vision and pattern recognition},
  pages={5630--5639},
  year={2017}
}
@inproceedings{venugopalan2015sequence,
  title={Sequence to sequence-video to text},
  author={Venugopalan, Subhashini and Rohrbach, Marcus and Donahue, Jeffrey and Mooney, Raymond and Darrell, Trevor and Saenko, Kate},
  booktitle={Proceedings of the IEEE international conference on computer vision},
  pages={4534--4542},
  year={2015}
}
@inproceedings{thomason2014integrating,
  title={Integrating language and vision to generate natural language descriptions of videos in the wild},
  author={Thomason, Jesse and Venugopalan, Subhashini and Guadarrama, Sergio and Saenko, Kate and Mooney, Raymond},
  booktitle={Proceedings of COLING 2014, the 25th International Conference on Computational Linguistics: Technical Papers},
  pages={1218--1227},
  year={2014}
}

@inproceedings{yang2011corpus,
  title={Corpus-guided sentence generation of natural images},
  author={Yang, Yezhou and Teo, Ching and Daum{\'e} III, Hal and Aloimonos, Yiannis},
  booktitle={Proceedings of the 2011 Conference on Empirical Methods in Natural Language Processing},
  pages={444--454},
  year={2011}
}

@inproceedings{zadeh2019social,
  title={Social-iq: A question answering benchmark for artificial social intelligence},
  author={Zadeh, Amir and Chan, Michael and Liang, Paul Pu and Tong, Edmund and Morency, Louis-Philippe},
  booktitle={Proceedings of the IEEE Conference on Computer Vision and Pattern Recognition},
  pages={8807--8817},
  year={2019}
}
@inproceedings{zellers2019recognition,
  title={From recognition to cognition: Visual commonsense reasoning},
  author={Zellers, Rowan and Bisk, Yonatan and Farhadi, Ali and Choi, Yejin},
  booktitle={Proceedings of the IEEE Conference on Computer Vision and Pattern Recognition},
  pages={6720--6731},
  year={2019}
}
@inproceedings{lin2004rouge,
  title={Rouge: A package for automatic evaluation of summaries},
  author={Lin, Chin-Yew},
  booktitle={Text summarization branches out},
  pages={74--81},
  year={2004}
}
@inproceedings{papineni2002bleu,
  title={BLEU: a method for automatic evaluation of machine translation},
  author={Papineni, Kishore and Roukos, Salim and Ward, Todd and Zhu, Wei-Jing},
  booktitle={Proceedings of the 40th annual meeting on association for computational linguistics},
  pages={311--318},
  year={2002},
  organization={Association for Computational Linguistics}
}
@inproceedings{banerjee2005meteor,
  title={METEOR: An automatic metric for MT evaluation with improved correlation with human judgments},
  author={Banerjee, Satanjeev and Lavie, Alon},
  booktitle={Proceedings of the acl workshop on intrinsic and extrinsic evaluation measures for machine translation and/or summarization},
  pages={65--72},
  year={2005}
}
@article{radford2019language,
  title={Language models are unsupervised multitask learners},
  author={Radford, Alec and Wu, Jeffrey and Child, Rewon and Luan, David and Amodei, Dario and Sutskever, Ilya},
  journal={OpenAI Blog},
  volume={1},
  number={8},
  year={2019}
}
@article{radford2018improving,
  title={Improving language understanding by generative pre-training},
  author={Radford, Alec and Narasimhan, Karthik and Salimans, Tim and Sutskever, Ilya},
  year={2018}
}
@inproceedings{zhou2018end,
  title={End-to-end dense video captioning with masked transformer},
  author={Zhou, Luowei and Zhou, Yingbo and Corso, Jason J and Socher, Richard and Xiong, Caiming},
  booktitle={Proceedings of the IEEE Conference on Computer Vision and Pattern Recognition},
  pages={8739--8748},
  year={2018}
}
% understant story
@inproceedings{gupta2009understanding,
  title={Understanding videos, constructing plots learning a visually grounded storyline model from annotated videos},
  author={Gupta, Abhinav and Srinivasan, Praveen and Shi, Jianbo and Davis, Larry S},
  booktitle={2009 IEEE Conference on Computer Vision and Pattern Recognition},
  pages={2012--2019},
  year={2009},
  organization={IEEE}
}

@book{pearl2000causality,
  title={Causality: models, reasoning and inference},
  author={Pearl, Judea},
  volume={29},
  year={2000},
  publisher={Springer}
}

@inproceedings{ramanathan2013video,
  title={Video event understanding using natural language descriptions},
  author={Ramanathan, Vignesh and Liang, Percy and Fei-Fei, Li},
  booktitle={Proceedings of the IEEE International Conference on Computer Vision},
  pages={905--912},
  year={2013}
}

@inproceedings{zhu2015aligning,
  title={Aligning books and movies: Towards story-like visual explanations by watching movies and reading books},
  author={Zhu, Yukun and Kiros, Ryan and Zemel, Rich and Salakhutdinov, Ruslan and Urtasun, Raquel and Torralba, Antonio and Fidler, Sanja},
  booktitle={Proceedings of the IEEE international conference on computer vision},
  pages={19--27},
  year={2015}
}


% video captioning
@inproceedings{yu2016video,
  title={Video paragraph captioning using hierarchical recurrent neural networks},
  author={Yu, Haonan and Wang, Jiang and Huang, Zhiheng and Yang, Yi and Xu, Wei},
  booktitle={Proceedings of the IEEE conference on computer vision and pattern recognition},
  pages={4584--4593},
  year={2016}
}

@inproceedings{pan2016hierarchical,
  title={Hierarchical recurrent neural encoder for video representation with application to captioning},
  author={Pan, Pingbo and Xu, Zhongwen and Yang, Yi and Wu, Fei and Zhuang, Yueting},
  booktitle={Proceedings of the IEEE Conference on Computer Vision and Pattern Recognition},
  pages={1029--1038},
  year={2016}
}

@inproceedings{pan2017video,
  title={Video captioning with transferred semantic attributes},
  author={Pan, Yingwei and Yao, Ting and Li, Houqiang and Mei, Tao},
  booktitle={Proceedings of the IEEE conference on computer vision and pattern recognition},
  pages={6504--6512},
  year={2017}
}

@article{gao2017video,
  title={Video captioning with attention-based LSTM and semantic consistency},
  author={Gao, Lianli and Guo, Zhao and Zhang, Hanwang and Xu, Xing and Shen, Heng Tao},
  journal={IEEE Transactions on Multimedia},
  volume={19},
  number={9},
  pages={2045--2055},
  year={2017},
  publisher={IEEE}
}

% action recog
@inproceedings{carreira2017quo,
  title={Quo vadis, action recognition: a new model and the kinetics dataset},
  author={Carreira, Joao and Zisserman, Andrew and Huang, Zhiheng and Yang, Yi and Xu, Wei},
  booktitle={proceedings of the IEEE Conference on Computer Vision and Pattern Recognition},
  pages={6299--6308},
  year={2017}
}
@inproceedings{wang2016temporal,
  title={Temporal segment networks: Towards good practices for deep action recognition},
  author={Wang, Limin and Xiong, Yuanjun and Wang, Zhe and Qiao, Yu and Lin, Dahua and Tang, Xiaoou and Van Gool, Luc},
  booktitle={European conference on computer vision},
  pages={20--36},
  year={2016},
  organization={Springer}
}
@inproceedings{feichtenhofer2016convolutional,
  title={Convolutional two-stream network fusion for video action recognition},
  author={Feichtenhofer, Christoph and Pinz, Axel and Zisserman, Andrew and Huang, Zhiheng and Yang, Yi and Xu, Wei},
  booktitle={Proceedings of the IEEE conference on computer vision and pattern recognition},
  pages={1933--1941},
  year={2016}
}

%vqa
@inproceedings{lei2018tvqa,
  title={TVQA: Localized, Compositional Video Question Answering},
  author={Lei, Jie and Yu, Licheng and Bansal, Mohit and Berg, Tamara L},
  booktitle={EMNLP},
  year={2018}
}
@inproceedings{zhao2018multi,
  title={Multi-Turn Video Question Answering via Multi-Stream Hierarchical Attention Context Network.},
  author={Zhao, Zhou and Jiang, Xinghua and Cai, Deng and Xiao, Jun and He, Xiaofei and Pu, Shiliang},
  booktitle={IJCAI},
  pages={3690--3696},
  year={2018}
}
@inproceedings{gao2018motion,
  title={Motion-appearance co-memory networks for video question answering},
  author={Gao, Jiyang and Ge, Runzhou and Chen, Kan and Nevatia, Ram},
  booktitle={Proceedings of the IEEE Conference on Computer Vision and Pattern Recognition},
  pages={6576--6585},
  year={2018}
}
@inproceedings{tapaswi2016movieqa,
  title={Movieqa: Understanding stories in movies through question-answering},
  author={Tapaswi, Makarand and Zhu, Yukun and Stiefelhagen, Rainer and Torralba, Antonio and Urtasun, Raquel and Fidler, Sanja},
  booktitle={Proceedings of the IEEE conference on computer vision and pattern recognition},
  pages={4631--4640},
  year={2016}
}
@inproceedings{yang2003videoqa,
  title={VideoQA: question answering on news video},
  author={Yang, Hui and Chaisorn, Lekha and Zhao, Yunlong and Neo, Shi-Yong and Chua, Tat-Seng},
  booktitle={Proceedings of the eleventh ACM international conference on Multimedia},
  pages={632--641},
  year={2003},
  organization={ACM}
}
@article{zhu2017uncovering,
  title={Uncovering the temporal context for video question answering},
  author={Zhu, Linchao and Xu, Zhongwen and Yang, Yi and Hauptmann, Alexander G},
  journal={International Journal of Computer Vision},
  volume={124},
  number={3},
  pages={409--421},
  year={2017},
  publisher={Springer}
}




@inproceedings{gokhale2019blocksworld,
  title={Cooking With Blocks: A Recipe for Visual Reasoning on Image-Pairs},
  author={Gokhale, Tejas and Sampat, Shailaja and Fang, Zhiyuan and Yang, Yezhou and Baral, Chitta},
  booktitle={Proceedings of the IEEE Conference on Computer Vision and Pattern Recognition Workshops},
  pages={5--8},
  year={2019}
}


@inproceedings{bosselut2019comet,
  title={COMET: Commonsense Transformers for Automatic Knowledge Graph Construction},
  author={Bosselut, Antoine and Rashkin, Hannah and Sap, Maarten and Malaviya, Chaitanya and Celikyilmaz, Asli and Choi, Yejin},
  booktitle={Association for Computational Linguistics},
  year={2019}
}

@inproceedings{sap2018atomic,
  title={Atomic: An atlas of machine commonsense for if-then reasoning},
  author={Sap, Maarten and LeBras, Ronan and Allaway, Emily and Bhagavatula, Chandra and Lourie, Nicholas and Rashkin, Hannah and Roof, Brendan and Smith, Noah A and Choi, Yejin},
  booktitle={AAAI},
  year={2018}
}

@inproceedings{xu2016msr,
  title={Msr-vtt: A large video description dataset for bridging video and language},
  author={Xu, Jun and Mei, Tao and Yao, Ting and Rui, Yong},
  booktitle={Proceedings of the IEEE conference on computer vision and pattern recognition},
  pages={5288--5296},
  year={2016}
}

@inproceedings{zhang2017range,
  title={Range loss for deep face recognition with long-tailed training data},
  author={Zhang, Xiao and Fang, Zhiyuan and Wen, Yandong and Li, Zhifeng and Qiao, Yu},
  booktitle={Proceedings of the IEEE International Conference on Computer Vision},
  pages={5409--5418},
  year={2017}
}

% infer why in image 
@article{pirsiavash2014inferring,
  title={Inferring the why in images},
  author={Pirsiavash, Hamed and Vondrick, Carl and Torralba, Antonio},
  year={2014},
  journal={Massachusetts Inst of Tech Cambridge}
}

@inproceedings{vondrick2016predicting,
  title={Predicting motivations of actions by leveraging text},
  author={Vondrick, Carl and Oktay, Deniz and Pirsiavash, Hamed and Torralba, Antonio},
  booktitle={Proceedings of the IEEE Conference on Computer Vision and Pattern Recognition},
  pages={2997--3005},
  year={2016}
}

% psychology
@article{singer1983inferring,
  title={Inferring consequences in story comprehension},
  author={Singer, Murray and Ferreira, Fernanda},
  journal={Journal of Verbal Learning and Verbal Behavior},
  volume={22},
  number={4},
  pages={437--448},
  year={1983},
  publisher={Elsevier}
}

% others
@article{marcus2018deep,
  title={Deep learning: A critical appraisal},
  author={Marcus, Gary},
  journal={arXiv preprint arXiv:1801.00631},
  year={2018}
}

@article{davis2015commonsense,
  title={Commonsense reasoning and commonsense knowledge in artificial intelligence.},
  author={Davis, Ernest and Marcus, Gary},
  journal={Commun. ACM},
  volume={58},
  number={9},
  pages={92--103},
  year={2015}
}

% knowledge
@inproceedings{suchanek2007yago,
  title={Yago: a core of semantic knowledge},
  author={Suchanek, Fabian M and Kasneci, Gjergji and Weikum, Gerhard},
  booktitle={Proceedings of the 16th international conference on World Wide Web},
  pages={697--706},
  year={2007},
  organization={ACM}
}
@article{hoffart2013yago2,
  title={YAGO2: A spatially and temporally enhanced knowledge base from Wikipedia},
  author={Hoffart, Johannes and Suchanek, Fabian M and Berberich, Klaus and Weikum, Gerhard},
  journal={Artificial Intelligence},
  volume={194},
  pages={28--61},
  year={2013},
  publisher={Elsevier}
}
@inproceedings{bunescu2006using,
  title={Using encyclopedic knowledge for named entity disambiguation},
  author={Bunescu, Razvan and Pa{\c{s}}ca, Marius},
  booktitle={11th conference of the European Chapter of the Association for Computational Linguistics},
  year={2006}
}

% atchitecture
@inproceedings{devlin2018bert,
  title={BERT: Pre-training of Deep Bidirectional Transformers for Language Understanding},
  author={Devlin, Jacob and Chang, Ming-Wei and Lee, Kenton and Toutanova, Kristina},
  booktitle={NAACL-HLT (1)},
  year={2019}
}

@inproceedings{he2016deep,
  title={Deep residual learning for image recognition},
  author={He, Kaiming and Zhang, Xiangyu and Ren, Shaoqing and Sun, Jian},
  booktitle={Proceedings of the IEEE conference on computer vision and pattern recognition},
  pages={770--778},
  year={2016}
}
@inproceedings{deng2009imagenet,
  title={Imagenet: A large-scale hierarchical image database},
  author={Deng, Jia and Dong, Wei and Socher, Richard and Li, Li-Jia and Li, Kai and Fei-Fei, Li},
  booktitle={2009 IEEE conference on computer vision and pattern recognition},
  pages={248--255},
  year={2009},
  organization={IEEE}
}
@inproceedings{sundermeyer2012lstm,
  title={LSTM neural networks for language modeling},
  author={Sundermeyer, Martin and Schl{\"u}ter, Ralf and Ney, Hermann},
  booktitle={Thirteenth annual conference of the international speech communication association},
  year={2012}
}
@inproceedings{yao2015describing,
  title={Describing videos by exploiting temporal structure},
  author={Yao, Li and Torabi, Atousa and Cho, Kyunghyun and Ballas, Nicolas and Pal, Christopher and Larochelle, Hugo and Courville, Aaron},
  booktitle={Proceedings of the IEEE international conference on computer vision},
  pages={4507--4515},
  year={2015}
}
@inproceedings{vaswani2017attention,
  title={Attention is all you need},
  author={Vaswani, Ashish and Shazeer, Noam and Parmar, Niki and Uszkoreit, Jakob and Jones, Llion and Gomez, Aidan N and Kaiser, {\L}ukasz and Polosukhin, Illia},
  booktitle={Advances in neural information processing systems},
  pages={5998--6008},
  year={2017}
}

@inproceedings{krause2016paragraphs,
  title={A Hierarchical Approach for Generating Descriptive Image Paragraphs},
  author={Krause, Jonathan and Johnson, Justin and Krishna, Ranjay and Fei-Fei, Li},
  booktitle={Computer Vision and Patterm Recognition (CVPR)},
  year={2017}
}
@inproceedings{krishna2017dense,
    title={Dense-Captioning Events in Videos},
    author={Krishna, Ranjay and Hata, Kenji and Ren, Frederic and Fei-Fei, Li and Niebles, Juan Carlos},
    booktitle={International Conference on Computer Vision},
    year={2017}
}

@InProceedings{vedantamLinICCV15,
author = {Ramakrishna Vedantam and Xiao Lin and Tanmay Batra and C. Lawrence Zitnick and Devi Parikh},
title = {Learning Common Sense Through Visual Abstraction},
booktitle = {International Conference on Computer Vision},
year = {2015}
}

@inproceedings{chen2013neil,
  title={Neil: Extracting visual knowledge from web data},
  author={Chen, Xinlei and Shrivastava, Abhinav and Gupta, Abhinav},
  booktitle={Proceedings of the IEEE International Conference on Computer Vision},
  pages={1409--1416},
  year={2013}
}

@inproceedings{Aditya:2019:IKR:3367722.3367926,
 author = {Aditya, Somak and Yang, Yezhou and Baral, Chitta},
 title = {Integrating Knowledge and Reasoning in Image Understanding},
 booktitle = {Proceedings of the 28th International Joint Conference on Artificial Intelligence},
 series = {IJCAI'19},
 year = {2019},
 isbn = {978-0-9992411-4-1},
 location = {Macao, China},
 pages = {6252--6259},
 numpages = {8},
 url = {http://dl.acm.org/citation.cfm?id=3367722.3367926},
 acmid = {3367926},
 publisher = {AAAI Press},
}


@article{chang2019procedure,
    title={Procedure Planning in Instructional Videos},
    author={Chien-Yi Chang and De-An Huang and Danfei Xu and Ehsan Adeli and Li Fei-Fei and Juan Carlos Niebles},
    journal={European Conference on Computer Vision},
    year={2020}
}

@inproceedings{johnson2017clevr,
  title={Clevr: A diagnostic dataset for compositional language and elementary visual reasoning},
  author={Johnson, Justin and Hariharan, Bharath and van der Maaten, Laurens and Fei-Fei, Li and Lawrence Zitnick, C and Girshick, Ross},
  booktitle={Proceedings of the IEEE Conference on Computer Vision and Pattern Recognition},
  pages={2901--2910},
  year={2017}
}

@inproceedings{hudson2019gqa,
  title={Gqa: A new dataset for real-world visual reasoning and compositional question answering},
  author={Hudson, Drew A and Manning, Christopher D},
  booktitle={Proceedings of the IEEE Conference on Computer Vision and Pattern Recognition},
  pages={6700--6709},
  year={2019}
}


@inproceedings{xu2017video,
  title={Video question answering via gradually refined attention over appearance and motion},
  author={Xu, Dejing and Zhao, Zhou and Xiao, Jun and Wu, Fei and Zhang, Hanwang and He, Xiangnan and Zhuang, Yueting},
  booktitle={Proceedings of the 25th ACM international conference on Multimedia},
  pages={1645--1653},
  year={2017}
}

@InProceedings{honnibal-johnson:2015:EMNLP,
  author    = {Honnibal, Matthew  and  Johnson, Mark},
  title     = {An Improved Non-monotonic Transition System for Dependency Parsing},
  booktitle = {Proceedings of the 2015 Conference on Empirical Methods in Natural Language Processing},
  month     = {September},
  year      = {2015},
  address   = {Lisbon, Portugal},
  publisher = {Association for Computational Linguistics},
  pages     = {1373--1378},
}


@inproceedings{gokhale2020vqa,
  title={VQA-LOL: Visual question answering under the lens of logic},
  author={Gokhale, Tejas and Banerjee, Pratyay and Baral, Chitta and Yang, Yezhou},
  booktitle={European Conference on Computer Vision},
  year={2020}
}

@inproceedings{lei2019tvqa+,
  title={TVQA+: Spatio-temporal grounding for video question answering},
  author={Lei, Jie and Yu, Licheng and Berg, Tamara L and Bansal, Mohit},
  booktitle={ACL},
  year={2019}
}

@inproceedings{sun2019videobert,
  title={Videobert: A joint model for video and language representation learning},
  author={Sun, Chen and Myers, Austin and Vondrick, Carl and Murphy, Kevin and Schmid, Cordelia},
  booktitle={Proceedings of the IEEE International Conference on Computer Vision},
  pages={7464--7473},
  year={2019}
}

@inproceedings{tan2019lxmert,
  title={LXMERT: Learning Cross-Modality Encoder Representations from Transformers},
  author={Tan, Hao and Bansal, Mohit},
  booktitle={Proceedings of the 2019 Conference on Empirical Methods in Natural Language Processing and the 9th International Joint Conference on Natural Language Processing (EMNLP-IJCNLP)},
  pages={5103--5114},
  year={2019}
}

@inproceedings{antol2015vqa,
  title={Vqa: Visual question answering},
  author={Antol, Stanislaw and Agrawal, Aishwarya and Lu, Jiasen and Mitchell, Margaret and Batra, Dhruv and Lawrence Zitnick, C and Parikh, Devi},
  booktitle={Proceedings of the IEEE international conference on computer vision},
  pages={2425--2433},
  year={2015}
}

@article{liu2019roberta,
  title={Roberta: A robustly optimized bert pretraining approach},
  author={Liu, Yinhan and Ott, Myle and Goyal, Naman and Du, Jingfei and Joshi, Mandar and Chen, Danqi and Levy, Omer and Lewis, Mike and Zettlemoyer, Luke and Stoyanov, Veselin},
  journal={arXiv preprint arXiv:1907.11692},
  year={2019}
}

@unpublished{spacy2,
    AUTHOR = {Honnibal, Matthew and Montani, Ines},
    TITLE  = {{spaCy 2}: Natural language understanding with {B}loom embeddings, convolutional neural networks and incremental parsing},
    journal   = {To appear}, 
    year={2017}
    }
    
@inproceedings{yatskar2016situation,
  title={Situation recognition: Visual semantic role labeling for image understanding},
  author={Yatskar, Mark and Zettlemoyer, Luke and Farhadi, Ali},
  booktitle={Proceedings of the IEEE conference on computer vision and pattern recognition},
  pages={5534--5542},
  year={2016}
}
@inproceedings{yu2015visual,
  title={Visual madlibs: Fill in the blank description generation and question answering},
  author={Yu, Licheng and Park, Eunbyung and Berg, Alexander C and Berg, Tamara L},
  booktitle={Proceedings of the ieee international conference on computer vision},
  pages={2461--2469},
  year={2015}
}

@inproceedings{kim2018textual,
  title={Textual explanations for self-driving vehicles},
  author={Kim, Jinkyu and Rohrbach, Anna and Darrell, Trevor and Canny, John and Akata, Zeynep},
  booktitle={Proceedings of the European conference on computer vision (ECCV)},
  pages={563--578},
  year={2018}
}

@article{lei2020tvr,
  title={Tvr: A large-scale dataset for video-subtitle moment retrieval},
  author={Lei, Jie and Yu, Licheng and Berg, Tamara L and Bansal, Mohit},
  journal={European Conference on Computer Vision},
  year={2020}
}


@inproceedings{bisk2020piqa,
  title={PIQA: Reasoning about Physical Commonsense in Natural Language.},
  author={Bisk, Yonatan and Zellers, Rowan and LeBras, Ronan and Gao, Jianfeng and Choi, Yejin},
  booktitle={AAAI},
  pages={7432--7439},
  year={2020}
}

@inproceedings{bhagavatula2020abductive,
  title={Abductive Commonsense Reasoning.},
  author={Bhagavatula, Chandra and Le Bras, Ronan and Malaviya, Chaitanya and Sakaguchi, Keisuke and Holtzman, Ari and Rashkin, Hannah and Downey, Doug and Yih, Wen-tau and Choi, Yejin},
  booktitle={ICLR},
  year={2020}
}

@inproceedings{sap2019social,
  title={Social IQa: Commonsense Reasoning about Social Interactions},
  author={Sap, Maarten and Rashkin, Hannah and Chen, Derek and Le Bras, Ronan and Choi, Yejin},
  booktitle={Proceedings of the 2019 Conference on Empirical Methods in Natural Language Processing and the 9th International Joint Conference on Natural Language Processing (EMNLP-IJCNLP)},
  pages={4453--4463},
  year={2019}
}

@inproceedings{mishra2018tracking,
  title={Tracking State Changes in Procedural Text: A Challenge Dataset and Models for Process Paragraph Comprehension},
  author={Mishra, Bhavana Dalvi and Huang, Lifu and Tandon, Niket and Yih, Wen-tau and Clark, Peter},
  booktitle={Proceedings of NAACL-HLT},
  pages={1595--1604},
  year={2018}
}

@inproceedings{talmor2019commonsenseqa,
  title={CommonsenseQA: A Question Answering Challenge Targeting Commonsense Knowledge},
  author={Talmor, Alon and Herzig, Jonathan and Lourie, Nicholas and Berant, Jonathan},
  booktitle={Proceedings of the 2019 Conference of the North American Chapter of the Association for Computational Linguistics: Human Language Technologies, Volume 1 (Long and Short Papers)},
  pages={4149--4158},
  year={2019}
}

@article{weston2015towards,
  title={Towards ai-complete question answering: A set of prerequisite toy tasks},
  author={Weston, Jason and Bordes, Antoine and Chopra, Sumit and Rush, Alexander M and van Merri{\"e}nboer, Bart and Joulin, Armand and Mikolov, Tomas},
  journal={arXiv preprint arXiv:1502.05698},
  year={2015}
}

